@Article{PrevMap2017JSS,
    title = {{PrevMap}: An {R} Package for Prevalence Mapping},
    author = {Emanuele Giorgi and Peter J. Diggle},
    journal = {Journal of Statistical Software},
    year = {2017},
    volume = {78},
    number = {8},
    pages = {1--29},
    doi = {10.18637/jss.v078.i08},
  }
@Article{geoRglm2002R-News,
    title = {geoRglm - a package for generalised linear spatial models},
    author = {O.F. Christensen and P.J. {Ribeiro Jr}},
    journal = {R-NEWS},
    year = {2002},
    volume = {2},
    number = {2},
    pages = {26-28},
    note = {ISSN 1609-3631},
    url = {https://cran.r-project.org/doc/Rnews},
  }
  
@Article{INLA2009JRSSB,
    author = {H{\aa}vard Rue and Sara Martino and Nicholas Chopin},
    title = {Approximate {Bayesian} Inference for Latent {Gaussian} Models Using Integrated Nested {Laplace} Approximations (with discussion).},
    journal = {Journal of the Royal Statistical Society B},
    year = {2009},
    volume = {71},
    pages = {319--392},
  }
  
@Article{INLA2011JRSSB,
    title = {An Explicit Link between {Gaussian} Fields and {Gaussian} {Markov} Random Fields: The Stochastic Partial Differential Equation Approach (with discussion).},
    author = {Finn Lindgren and H{\aa}vard Rue and Johan Lindstr{\"o}m},
    year = {2011},
    volume = {73},
    number = {4},
    pages = {423--498},
    journal = {Journal of the Royal Statistical Society B},
  }  
  
@Article{INLA2015JSS,
    title = {Bayesian Spatial Modelling with {R}-{INLA}},
    author = {Finn Lindgren and H{\aa}vard Rue},
    journal = {Journal of Statistical Software},
    year = {2015},
    volume = {63},
    number = {19},
    pages = {1--25},
    url = {http://www.jstatsoft.org/v63/i19/},
  }  
  
@Article{INLA2017ARSA,
    title = {Bayesian computing with {INLA}: {A} review}},
    author = {H{\aa}vard Rue and Andrea I. Riebler and Sigrunn H. S{\o}rbye and Janine B. Illian and Daniel P. Simpson and Finn K. Lindgren},
    journal = {Annual Reviews of Statistics and Its Applications},
    year = {2017},
    volume = {4},
    number = {March},
    pages = {395--421},
    url = {http://arxiv.org/abs/1604.00860},
  }  