@Book{xie2015,
  title = {Dynamic Documents with {R} and knitr},
  author = {Yihui Xie},
  publisher = {Chapman and Hall/CRC},
  address = {Boca Raton, Florida},
  year = {2015},
  edition = {2nd},
  note = {ISBN 978-1498716963},
  url = {http://yihui.name/knitr/},
}

@Book{bookdown2016CRC,
    title = {bookdown: Authoring Books and Technical Documents with {R} Markdown},
    author = {Yihui Xie},
    publisher = {Chapman and Hall/CRC},
    address = {Boca Raton, Florida},
    year = {2016},
    note = {ISBN 978-1138700109},
    url = {https://github.com/rstudio/bookdown},
  }
@Book{blogdown2017CRC,
    title = {blogdown: Creating Websites with {R} Markdown},
    author = {Yihui Xie and Alison Presmanes Hill and Amber Thomas},
    publisher = {Chapman and Hall/CRC},
    address = {Boca Raton, Florida},
    year = {2017},
    note = {ISBN 978-0815363729},
    url = {https://github.com/rstudio/blogdown},
  }
@Book{ggplot2016Springer,
    author = {Hadley Wickham},
    title = {ggplot2: Elegant Graphics for Data Analysis},
    publisher = {Springer-Verlag New York},
    year = {2016},
    isbn = {978-3-319-24277-4},
    url = {http://ggplot2.org},
  }
@Book{mgcv2017CRC,
    title = {Generalized Additive Models: An Introduction with R},
    year = {2017},
    author = {S.N Wood},
    edition = {2},
    publisher = {Chapman and Hall/CRC},
  }
