@Book{Chen2011,
	title = {广义线性模型的拟似然法},
	author = {陈希孺},
	year = {2011},
	publisher = {中国科学技术大学出版社},
	address = {合肥},
}

@article{Nelder1972,
  title={Generalized Linear Models},
  author={Nelder, John A. and Wedderburn, R. W. M.},
  journal={Journal of the Royal Statistical Society, Series A},
  volume={135},
  number={3},
  pages={370-384},
  year={1972},
}

@article{Stan2017JSS,
   author = {Bob Carpenter and Andrew Gelman and Matthew Hoffman and Daniel Lee and Ben Goodrich and Michael Betancourt and Marcus Brubaker and Jiqiang Guo and Peter Li and Allen Riddell},
   title = {Stan: A Probabilistic Programming Language},
   journal = {Journal of Statistical Software, Articles},
   volume = {76},
   number = {1},
   year = {2017},
   issn = {1548-7660},
   pages = {1--32},
}

@article{Zhang2002On,
  title={On Estimation and Prediction for Spatial Generalized Linear Mixed Models},
  author={Zhang, Hao},
  journal={Biometrics},
  volume={58},
  number={1},
  pages={129-36},
  year={2002},
}

@article{Bonat2016Practical,
  title={Practical likelihood analysis for spatial generalized linear mixed models},
  author={Bonat, Wagner Hugo and {Ribeiro Jr.}, Paulo J.},
  journal={Environmetrics},
  volume={27},
  number={2},
  pages={83-89},
  year={2016},
}
@article{Schl2016Using,
  title={Using Community-Level Prevalence of Loa loa Infection to Predict the Proportion of Highly-Infected Individuals: Statistical Modelling to Support Lymphatic Filariasis and Onchocerciasis Elimination Programs},
  author={Schl{\"u}ter, Daniela K and Ndeffombah, Martial L and Takougang, Innocent and et al.},
  journal={Plos Neglected Tropical Diseases},
  volume={10},
  number={12},
  year={2016}
}
@article{Diggle1998,
	author = {Diggle, Peter J. and Tawn, J. A. and Moyeed, R. A.},
	title = {Model-based geostatistics},
	journal = {Journal of the Royal Statistical Society: Series C (Applied Statistics)},
	volume = {47},
	number = {3},
	pages = {299--350},
	year = {1998},
}
@article {Diggle2002,
	author = {Diggle, Peter and Moyeed, Rana and Rowlingson, Barry and Thomson, Madeleine},
	title = {Childhood malaria in the Gambia: a case-study in model-based geostatistics},
	journal = {Journal of the Royal Statistical Society: Series C (Applied Statistics)},
	volume = {51},
	number = {4},
	pages = {493--506},
	year = {2002}
}
@article{Christensen2004,
	title={Monte Carlo Maximum Likelihood in Model-Based Geostatistics},
	author={Ole F Christensen},
	journal={Journal of Computational and Graphical Statistics},
	volume = {13},
	number = {3},
	pages = {702--718},
	year={2004}
} 

@article{Diggle2016,
	author = {Peter J. Diggle and Emanuele Giorgi},
	title = {Model-Based Geostatistics for Prevalence Mapping in Low-Resource Settings},
	journal = {Journal of the American Statistical Association},
	volume = {111},
	number = {515},
	pages = {1096-1120},
	year = {2016},
}	

@Book{McCullagh1989,
	title = {Generalized Linear Models},
	author = {McCullagh, Peter and Nelder, John},
	year = {1989},
	publisher = {Chapman and Hall/CRC},
	address = {Boca Raton},
	edition = {Second}
}

@Book{Diggle2007,
	title = {Model-based Geostatistics},
	author = {Peter J. Diggle and Paulo J. {Ribeiro Jr.} },
	year = {2007},
	publisher = {Springer-Verlag},
	address = {New York},
}
@Book{Roger2013,
    author = {Roger S. Bivand and Edzer Pebesma and Virgilio Gomez-Rubio},
    title = {Applied spatial data analysis with {R}},
    year = {2013},
    publisher = {Springer-Verlag},
	  address = {New York},
    edition =   {2nd}	
  }
@book{Blangiardo2015,
   title =     {Spatial and Spatio-temporal Bayesian Models with R-INLA},
   author =    {Marta Blangiardo, Michela Cameletti},
   publisher = {Wiley},
   year =      {2015}
}
@book{Banerjee2015,
   title =     {Hierarchical Modeling and Analysis for Spatial Data, Second Edition},
   author =    {Banerjee, Sudipto and Carlin, Bradley P. and Gelfand, Alan E},
   publisher = {CRC Press},
   year =      {2015},
   series =    {Chapman \& Hall/CRC Monographs on Statistics \& Applied Probability},
   edition =   {Second}
}
  
@Book{MASS2002,
    title = {Modern Applied Statistics with S},
    author = {W. N. Venables and B. D. Ripley},
    publisher = {Springer-Verlag},
    edition = {Fourth},
    address = {New York},
    year = {2002},
  }

@Book{rethinking2015,
    title = {Statistical Rethinking: A Bayesian Course with Examples in R and Stan},
    author = {Richard McElreath},
    publisher = {Chapman \& Hall/CRC},
    address = {New York},
    year = {2015},
  }
  
@Book{mgcv2017,
    title = {Generalized Additive Models: An Introduction with R},
    year = {2017},
    author = {Simon N. Wood},
    edition = {Second},
    publisher = {Chapman \& Hall/CRC},
  }  
@Book{lattice2008,
    title = {Lattice: Multivariate Data Visualization with R},
    author = {Deepayan Sarkar},
    publisher = {Springer-Verlag},
    address = {New York},
    year = {2008},
  }
  
@Book{ggplot22016,
    author = {Hadley Wickham},
    title = {ggplot2: Elegant Graphics for Data Analysis},
    publisher = {Springer-Verlag},
	address = {New York},
    year = {2016},
	edition = {2nd},
  }

@Article{INLA2009,
    author = {H{\aa}vard Rue and Sara Martino and Nicholas Chopin},
    title = {Approximate {Bayesian} Inference for Latent {Gaussian} Models Using Integrated Nested {Laplace} Approximations (with discussion).},
    journal = {Journal of the Royal Statistical Society B},
    year = {2009},
    volume = {71},
    pages = {319--392},
  } 
@Article{INLA2015,
    title = {Bayesian Spatial Modelling with {R}-{INLA}},
    author = {Finn Lindgren and H{\aa}vard Rue},
    journal = {Journal of Statistical Software},
    year = {2015},
    volume = {63},
    number = {19},
    pages = {1--25},
    url = {http://www.jstatsoft.org/v63/i19/},
  }
@Article{INLA2017,
    title = {Bayesian computing with {INLA}: {A} review},
    author = {H{\aa}vard Rue and Andrea I. Riebler and Sigrunn H. S{\o}rbye and Janine B. Illian and Daniel P. Simpson and Finn K. Lindgren},
    journal = {Annual Reviews of Statistics and Its Applications},
    year = {2017},
    volume = {4},
    number = {1},
    pages = {395--421},
    url = {http://arxiv.org/abs/1604.00860},
  }  
 
 
@Article{INLA2011,
    title = {An Explicit Link between {Gaussian} Fields and {Gaussian} {Markov} Random Fields: The Stochastic Partial Differential Equation Approach (with discussion).},
    author = {Finn Lindgren and H{\aa}vard Rue and Johan Lindstr{\"o}m},
    year = {2011},
    volume = {73},
    number = {4},
    pages = {423--498},
    journal = {Journal of the Royal Statistical Society B},
  }  
  
@article{BUGS,
	author = {Lunn, David and Spiegelhalter, David and Thomas, Andrew and Best, Nicky},
	title = {The BUGS project: Evolution, critique and future directions},
	journal = {Statistics in Medicine},
	volume = {28},
	number = {25},
	publisher = {John Wiley \& Sons, Ltd.},
	issn = {1097-0258},
	pages = {3049--3067},
	year = {2009},
}

@article{Stan2015,
  title={Stan: A Probabilistic Programming Language for Bayesian Inference and Optimization.},
  author={Gelman, Andrew and Lee, Daniel and Guo, Jiqiang  and et al.},
  journal={Journal of Educational and Behavioral Statistics},
  volume={40},
  number={5},
  pages={837--840},
  year={2015},
}

@article{Pairwise2005,
	title={Pairwise likelihood inference in spatial generalized linear mixed models},
	author={Varin, Cristiano and H{\o}st, Gudmund and Skare,  {\O}ivind},
	journal={Computational Statistics and Data Analysis},
	volume = {49},
	number = {4},
	pages = {1173--1191},
	year={2005}
} 

@article{Banerjee2008,
	author = {Banerjee, Sudipto and Gelfand, Alan E. and Finley, Andrew O. and Sang, Huiyan},
	title = {Gaussian predictive process models for large spatial data sets},
	journal = {Journal of the Royal Statistical Society: Series B (Statistical Methodology)},
	volume = {70},
	number = {4},
	publisher = {Blackwell Publishing Ltd},
	issn = {1467-9868},
	pages = {825--848},
	year = {2008},
}

@article{Rue2017arXiv,
    author = {{G{\'o}mez-Rubio}, Virgilio and {Rue}, H{\aa}vard},
    title = {Markov Chain Monte Carlo with the Integrated Nested Laplace Approximation},
    journal = {ArXiv e-prints},
    eprint = {1701.07844},
    keywords = {Statistics - Computation},
    year = {2017}
}

@article{Diggle2007ATMP,
	author = {P. J. Diggle and M. C. Thomson and O. F. Christensen and B. Rowlingson and V. Obsomer and J. Gardon and S. Wanji and I. Takougang and P. Enyong and J. Kamgno and J. H. Remme and M. Boussinesq and D. H. Molyneux},
	title = {Spatial modelling and the prediction of Loa loa risk: decision making under uncertainty},
	journal = {Annals of Tropical Medicine \& Parasitology},
	volume = {101},
	number = {6},
	pages = {499-509},
	year  = {2007},
	doi = {10.1179/136485913X13789813917463},
}

@Manual{R-MCMCvis,
    title = {MCMCvis: Tools to Visualize, Manipulate, and Summarize MCMC Output},
    author = {Casey Youngflesh},
    year = {2018},
    note = {R package version 0.9.2},
    url = {https://CRAN.R-project.org/package=MCMCvis},
}

@Manual{R-nlme,
    title = {{nlme}: Linear and Nonlinear Mixed Effects Models},
    author = {Jose Pinheiro and Douglas Bates and Saikat DebRoy and Deepayan Sarkar and {R Core Team}},
    year = {2018},
    note = {R package version 3.1-131},
    url = {https://CRAN.R-project.org/package=nlme},
} 
@Manual{R-gamm4,
    title = {gamm4: Generalized Additive Mixed Models using 'mgcv' and 'lme4'},
    author = {Simon Wood and Fabian Scheipl},
    year = {2017},
    note = {R package version 0.2-5},
    url = {https://CRAN.R-project.org/package=gamm4},
  }
@Manual{R-gammSlice,
    title = {gammSlice: Generalized additive mixed model analysis via slice sampling},
    author = {Tung Pham and Matt Wand},
    year = {2015},
    note = {R package version 1.3},
    url = {https://CRAN.R-project.org/package=gammSlice},
  }  
  
@Article{glmnet2010JSS,
    title = {Regularization Paths for Generalized Linear Models via Coordinate Descent},
    author = {Jerome Friedman and Trevor Hastie and Robert Tibshirani},
    journal = {Journal of Statistical Software},
    year = {2010},
    volume = {33},
    number = {1},
    pages = {1--22},
}

@Article{glmnet2011JSS,
    title = {Regularization Paths for Cox's Proportional Hazards Model via Coordinate Descent},
    author = {Noah Simon and Jerome Friedman and Trevor Hastie and Rob Tibshirani},
    journal = {Journal of Statistical Software},
    year = {2011},
    volume = {39},
    number = {5},
    pages = {1--13},
  }
@Article{SIS2016JSS,
    author = {Diego Franco Saldana and Yang Feng},
    title = {SIS: An R Package for Sure Independence Screening
in Ultrahigh Dimensional Statistical Models},
    journal = {Journal of Statistical Software},
    year = {2016},
    pages = {to appear},
  }

@Article{CARBayes2013,
    title = {{CARBayes}: An {R} Package for {B}ayesian Spatial Modeling with Conditional Autoregressive Priors},
    author = {Duncan Lee},
    journal = {Journal of Statistical Software},
    year = {2013},
    volume = {55},
    number = {13},
    pages = {1--24},
  }  
  
@article{geoRgeoRglm2003,
  title  = {geoR and geoRglm: Software for Model-Based Geostatistics},
  author = {Paulo J. {Ribeiro Jr.} and Ole F. Christensen and Peter J. Diggle},
  journal= {Proceedings of DSC}, 
  year   = {2003},
} 

@Article{geoR2001,
  author       = {Paulo J. {Ribeiro Jr.} and Peter J. Diggle},
  title	       = {{geoR}: A Package for Geostatistical Analysis},
  journal      = {R-News},
  year	       = {2001},
  volume       = {1},
  number       = {2},
  pages	       = {14--18},
  month	       = {June},
  url	       = {https://cran.r-project.org/doc/Rnews/Rnews_2001-2.pdf}
}

@Manual{R-geoR2016,
    title = {geoR: Analysis of Geostatistical Data},
    author = {Paulo J. {Ribeiro Jr.} and Peter J. Diggle},
    year = {2016},
    note = {R package version 1.7-5.2},
    url = {https://CRAN.R-project.org/package=geoR},
  }
  
@article{gstat2004,
	title = {Multivariable geostatistics in S: the gstat package},
	journal = {Computers \& Geosciences},
	volume = {30},
	number = {7},
	pages = {683 - 691},
	year = {2004},
	author = {Edzer J Pebesma},
}

@Article{pscl2008,
    title = {Regression Models for Count Data in {R}},
    author = {Achim Zeileis and Christian Kleiber and Simon Jackman},
    journal = {Journal of Statistical Software},
    year = {2008},
    volume = {27},
    number = {8},
    url = {http://www.jstatsoft.org/v27/i08/},
  }
  
@Article{betareg2010,
    title = {Beta Regression in {R}},
    author = {Francisco Cribari-Neto and Achim Zeileis},
    journal = {Journal of Statistical Software},
    year = {2010},
    volume = {34},
    number = {2},
    pages = {1--24},
    url = {http://www.jstatsoft.org/v34/i02/},
  }  
  
@Article{betareg2012,
    title = {Extended Beta Regression in {R}: Shaken, Stirred, Mixed, and Partitioned},
    author = {Bettina Gr\"un and Ioannis Kosmidis and Achim Zeileis},
    journal = {Journal of Statistical Software},
    year = {2012},
    volume = {48},
    number = {11},
    pages = {1--25},
    url = {http://www.jstatsoft.org/v48/i11/},
  }  
@Article{lme42015,
    title = {Fitting Linear Mixed-Effects Models Using {lme4}},
    author = {Douglas Bates and Martin M{\"a}chler and Ben Bolker and Steve Walker},
    journal = {Journal of Statistical Software},
    year = {2015},
    volume = {67},
    number = {1},
    pages = {1--48},
    doi = {10.18637/jss.v067.i01},
  }
@Article{PrevMap2017JSS,
    title = {{PrevMap}: An {R} Package for Prevalence Mapping},
    author = {Emanuele Giorgi and Peter J. Diggle},
    journal = {Journal of Statistical Software},
    year = {2017},
    volume = {78},
    number = {8},
    pages = {1--29},
    doi = {10.18637/jss.v078.i08},
  }  

@Article{gstat2004,
    title = {Multivariable geostatistics in S: the gstat package},
    author = {Edzer J. Pebesma},
    journal = {Computers \& Geosciences},
    year = {2004},
    volume = {30},
    pages = {683-691},
  }
  
@Article{gstat2016,
  title = {Spatio-Temporal Interpolation using gstat},
  author = {Benedikt Gr{\"a}ler and Edzer Pebesma and Gerard Heuvelink},
  year = {2016},
  journal = {The R Journal},
  volume = {8},
  issue = {1},
  pages = {204-218},
}
  
@Article{glmmTMB2017,
    author = {{Brooks} and Mollie E. and {Kristensen} and {Kasper} and {van Benthem} and Koen J. and {Magnusson} and {Arni} and {Berg} and Casper W. and {Nielsen} and {Anders} and {Skaug} and Hans J. and {Maechler} and {Martin} and {Bolker} and Benjamin M.},
    title = {Modeling Zero-Inflated Count Data With glmmTMB},
    year = {2017},
    journal = {bioRxiv preprint bioRxiv:132753},
    archiveprefix = {bioRxiv},
  }
@Article{TMB2016,
    title = {{TMB}: Automatic Differentiation and {L}aplace Approximation},
    author = {Kasper Kristensen and Anders Nielsen and Casper W. Berg and Hans Skaug and Bradley M. Bell},
    journal = {Journal of Statistical Software},
    year = {2016},
    volume = {70},
    number = {5},
    pages = {1--21},
    doi = {10.18637/jss.v070.i05},
  }  
@Article{TMB2017,
    title = {Validation of ecological state space models using the {L}aplace approximation},
    author = {Uffe H. Thygesen and Christoffer M. Albertsen and Casper W. Berg and Kasper Kristensen and Anders Nielsen},
    journal = {Environmental and Ecological Statistics},
    year = {2017},
    pages = {1--23},
    doi = {10.1007/s10651-017-0372-4},
  }  

@Article{gamlss2005,
    title = {Generalized additive models for location, scale and shape (with discussion)},
    journal = {Applied Statistics},
    volume = {54},
    part = {3},
    pages = {507-554},
    year = {2005},
    author = {R. A. Rigby and D. M. Stasinopoulos},
  }  
@Article{ggmap2013,
    author = {David Kahle and Hadley Wickham},
    title = {ggmap: Spatial Visualization with ggplot2},
    journal = {The R Journal},
    year = {2013},
    volume = {5},
    number = {1},
    pages = {144--161},
    url = {http://journal.r-project.org/archive/2013-1/kahle-wickham.pdf},
  } 
@Article{plotKML2015,
    title = {{plotKML}: Scientific Visualization of Spatio-Temporal Data},
    author = {Tomislav Hengl and Pierre Roudier and Dylan Beaudette and Edzer Pebesma},
    journal = {Journal of Statistical Software},
    year = {2015},
    volume = {63},
    number = {5},
    pages = {1--25},
    url = {http://www.jstatsoft.org/v63/i05/},
  }  
@Article{geoRglm2002,
    title = {{geoRglm}: a package for generalised linear spatial models},
    author = {O.F. Christensen and P.J. {Ribeiro Jr.}},
    journal = {R-NEWS},
    year = {2002},
    volume = {2},
    number = {2},
    pages = {26-28},
    note = {ISSN 1609-3631},
    url = {https://cran.r-project.org/doc/Rnews}
  }  
@Article{coda2006,
    title = {CODA: Convergence Diagnosis and Output Analysis for MCMC},
    author = {Martyn Plummer and Nicky Best and Kate Cowles and Karen Vines},
    journal = {R-News},
    year = {2006},
    volume = {6},
    number = {1},
    pages = {7--11},
    url = {https://www.r-project.org/doc/Rnews/Rnews_2006-1.pdf},
  }
@Article{lgcp2013JSS,
    title = {{lgcp}: An {R} Package for Inference with Spatial and Spatio-Temporal Log-{G}aussian {C}ox Processes},
    author = {Benjamin M. Taylor and Tilman M. Davies and Barry S. Rowlingson and Peter J. Diggle},
    journal = {Journal of Statistical Software},
    year = {2013},
    volume = {52},
    number = {4},
    pages = {1--40},
    url = {http://www.jstatsoft.org/v52/i04/},
  }

@Article{lgcp2015JSS,
    title = {{B}ayesian Inference and Data Augmentation Schemes for Spatial, Spatiotemporal and Multivariate Log-{G}aussian {C}ox Processes in {R}},
    author = {Benjamin M. Taylor and Tilman M. Davies and Barry S. Rowlingson and Peter J. Diggle},
    journal = {Journal of Statistical Software},
    year = {2015},
    volume = {63},
    number = {7},
    pages = {1--48},
    url = {http://www.jstatsoft.org/v63/i07/},
  }

@Article{brms2017JSS,
    title = {{brms}: An {R} Package for Bayesian Multilevel Models Using {Stan}},
    author = {Paul-Christian B{\"u}rkner},
    journal = {Journal of Statistical Software},
    year = {2017},
    volume = {80},
    number = {1},
    pages = {1--28},
    doi = {10.18637/jss.v080.i01},
  }
@Article{lme4JSS,
    title = {Fitting Linear Mixed-Effects Models Using {lme4}},
    author = {Douglas Bates and Martin M{\"a}chler and Ben Bolker and Steve Walker},
    journal = {Journal of Statistical Software},
    year = {2015},
    volume = {67},
    number = {1},
    pages = {1--48},
    doi = {10.18637/jss.v067.i01},
  }
@Article{MCMCglmm2010,
    title = {MCMC Methods for Multi-Response Generalized Linear Mixed Models: The {MCMCglmm} {R} Package},
    author = {Jarrod D Hadfield},
    journal = {Journal of Statistical Software},
    year = {2010},
    volume = {33},
    number = {2},
    pages = {1--22},
    url = {http://www.jstatsoft.org/v33/i02/},
  }
 
@Article{spaMM2014,
    title = {Testing environmental and genetic effects in the presence of spatial autocorrelation},
    author = {Fran\c{c}ois Rousset and Jean-Baptiste Ferdy},
    journal = {Ecography},
    year = {2014},
    volume = {37},
    number = {8},
    pages = {781--790},
    url = {http://dx.doi.org/10.1111/ecog.00566},
  }
@Article{surveillance2017,
    title = {Spatio-Temporal Analysis of Epidemic Phenomena Using the {R} Package {surveillance}},
    author = {Sebastian Meyer and Leonhard Held and Michael H{\"o}hle},
    journal = {Journal of Statistical Software},
    year = {2017},
    volume = {77},
    number = {11},
    pages = {1--55},
    doi = {10.18637/jss.v077.i11},
  }  
@Article{RandomFields2015,
    title = {Analysis, Simulation and Prediction of Multivariate Random Fields with Package {RandomFields}},
    author = {Martin Schlather and Alexander Malinowski and Peter J. Menck and Marco Oesting and Kirstin Strokorb},
    journal = {Journal of Statistical Software},
    year = {2015},
    volume = {63},
    number = {8},
    pages = {1--25},
    url = {http://www.jstatsoft.org/v63/i08/},
  }  
@Article{plotGoogleMaps2012,
    title = {plotGoogleMaps: the R-based web-mapping tool for thematic spatial data},
    author = {Milan Kilibarda and Branislav Bajat},
    journal = {GEOMATICA},
    year = {2012},
    volume = {66},
    pages = {37-49},
  }
@Article{spBayes2007,
    title = {{spBayes}: An {R} Package for Univariate and Multivariate Hierarchical Point-Referenced Spatial Models},
    author = {Andrew O. Finley and Sudipto Banerjee and Bradley P. Carlin},
    journal = {Journal of Statistical Software},
    year = {2007},
    volume = {19},
    number = {4},
    pages = {1--24},
    url = {http://www.jstatsoft.org/v19/i04/},
  }

@Article{spBayes2015,
    title = {{spBayes} for Large Univariate and Multivariate Point-Referenced Spatio-Temporal Data Models},
    author = {Andrew O. Finley and Sudipto Banerjee and Alan E.Gelfand},
    journal = {Journal of Statistical Software},
    year = {2015},
    volume = {63},
    number = {13},
    pages = {1--28},
    url = {http://www.jstatsoft.org/v63/i13/},
}  
  